@misc{wu2015NYCTaxi,
  author = {Wenhao Wu},
  title = {{STA 242 Assignment 5: Working with ``Big Data''}},
  howpublished = "\url{git@bitbucket.org:shasqua/stat242_2015_assignment5.git}",
  year = {2015}, 
  note = "[Online; accessed 30-May-2015]"
}